@misc{magician,
    title = {Magician},
    author = {Jacob Oursland},
    howpublished={\url{https://github.com/oursland/magician}},
    year = {2018}
}

@misc{docker-tensorflow,
    title = {docker-tensorFlow},
    author = {Jacob Oursland},
    howpublished={\url{https://github.com/oursland/docker-tensorflow}},
    year = {2018}
}

@article{neat,
    title = {Evolving Neural Networks Through Augmenting Topologies},
    author = {Kenneth O. Stanley and Risto Miikkulainen},
    volume = {10},
    journal = {Evolutionary Computation},
    number = {2},
    pages = {99-127},
    url = "http://nn.cs.utexas.edu/?stanley:ec02",
    year = {2002}
}

@article{deep-neuroevolution,
  author    = {Felipe Petroski Such and
               Vashisht Madhavan and
               Edoardo Conti and
               Joel Lehman and
               Kenneth O. Stanley and
               Jeff Clune},
  title     = {Deep Neuroevolution: Genetic Algorithms Are a Competitive Alternative
               for Training Deep Neural Networks for Reinforcement Learning},
  journal   = {CoRR},
  volume    = {abs/1712.06567},
  year      = {2017},
  url       = {http://arxiv.org/abs/1712.06567},
  archivePrefix = {arXiv},
  eprint    = {1712.06567},
  timestamp = {Thu, 04 Jan 2018 12:38:35 +0100},
  biburl    = {https://dblp.org/rec/bib/journals/corr/abs-1712-06567},
  bibsource = {dblp computer science bibliography, https://dblp.org}
}

@article{evolution-strategies,
   author = {{Salimans}, T. and {Ho}, J. and {Chen}, X. and {Sidor}, S. and 
	{Sutskever}, I.},
    title = "{Evolution Strategies as a Scalable Alternative to Reinforcement Learning}",
  journal = {ArXiv e-prints},
archivePrefix = "arXiv",
   eprint = {1703.03864},
 primaryClass = "stat.ML",
 keywords = {Statistics - Machine Learning, Computer Science - Artificial Intelligence, Computer Science - Learning, Computer Science - Neural and Evolutionary Computing},
     year = 2017,
    month = mar,
   adsurl = {http://adsabs.harvard.edu/abs/2017arXiv170303864S},
  adsnote = {Provided by the SAO/NASA Astrophysics Data System}
}

@article{lottery-ticket,
   author = {{Frankle}, J. and {Carbin}, M.},
    title = "{The Lottery Ticket Hypothesis: Training Pruned Neural Networks}",
  journal = {ArXiv e-prints},
archivePrefix = "arXiv",
   eprint = {1803.03635},
 primaryClass = "cs.LG",
 keywords = {Computer Science - Learning, Computer Science - Artificial Intelligence, Computer Science - Neural and Evolutionary Computing},
     year = 2018,
    month = mar,
   adsurl = {http://adsabs.harvard.edu/abs/2018arXiv180303635F},
  adsnote = {Provided by the SAO/NASA Astrophysics Data System}
}

@article{generalizing-while-learning-nothing,
   author = {{Rosenfeld}, A. and {Tsotsos}, J.~K.},
    title = "{Intriguing Properties of Randomly Weighted Networks: Generalizing While Learning Next to Nothing}",
  journal = {ArXiv e-prints},
archivePrefix = "arXiv",
   eprint = {1802.00844},
 primaryClass = "cs.LG",
 keywords = {Computer Science - Learning, Computer Science - Artificial Intelligence, Computer Science - Computer Vision and Pattern Recognition},
     year = 2018,
    month = feb,
   adsurl = {http://adsabs.harvard.edu/abs/2018arXiv180200844R},
  adsnote = {Provided by the SAO/NASA Astrophysics Data System}
}

@article{docker-reproducible-research,
 author = {Boettiger, Carl},
 title = {An Introduction to Docker for Reproducible Research},
 journal = {SIGOPS Oper. Syst. Rev.},
 issue_date = {January 2015},
 volume = {49},
 number = {1},
 month = jan,
 year = {2015},
 issn = {0163-5980},
 pages = {71--79},
 numpages = {9},
 url = {http://doi.acm.org/10.1145/2723872.2723882},
 doi = {10.1145/2723872.2723882},
 acmid = {2723882},
 publisher = {ACM},
 address = {New York, NY, USA},
} 

@misc{keras,
  title={Keras},
  author={Chollet, Fran\c{c}ois and others},
  year=2015,
  howpublished={\url{https://keras.io}},
}

@misc{docker,
  title={Docker},
  year=2013,
  key={Docker},
  howpublished={\url{https://docker.com/}},
}

@misc{kubernetes,
  title={Kubernetes},
  year=2014,
  howpublished={\url{https://kubernetes.io/}},
}

@misc{google-cloud,
  title={"Google Cloud"},
  howpublished={\url{https://cloud.google.com/}},
}

@misc{amazon-ec2,
  title={Amazon EC2},
  howpublished={\url{https://aws.amazon.com/ec2/}},
}

@misc{bazel,
  title={Bazel},
  key={Bazel},
  year=2015,
  howpublished={\url{https://bazel.build/}},
}

@misc{tensorflow,
title={ {TensorFlow}: Large-Scale Machine Learning on Heterogeneous Systems},
url={https://www.tensorflow.org/},
note={Software available from tensorflow.org},
author={
    Mart\'{\i}n~Abadi and
    Ashish~Agarwal and
    Paul~Barham and
    Eugene~Brevdo and
    Zhifeng~Chen and
    Craig~Citro and
    Greg~S.~Corrado and
    Andy~Davis and
    Jeffrey~Dean and
    Matthieu~Devin and
    Sanjay~Ghemawat and
    Ian~Goodfellow and
    Andrew~Harp and
    Geoffrey~Irving and
    Michael~Isard and
    Yangqing Jia and
    Rafal~Jozefowicz and
    Lukasz~Kaiser and
    Manjunath~Kudlur and
    Josh~Levenberg and
    Dandelion~Man\'{e} and
    Rajat~Monga and
    Sherry~Moore and
    Derek~Murray and
    Chris~Olah and
    Mike~Schuster and
    Jonathon~Shlens and
    Benoit~Steiner and
    Ilya~Sutskever and
    Kunal~Talwar and
    Paul~Tucker and
    Vincent~Vanhoucke and
    Vijay~Vasudevan and
    Fernanda~Vi\'{e}gas and
    Oriol~Vinyals and
    Pete~Warden and
    Martin~Wattenberg and
    Martin~Wicke and
    Yuan~Yu and
    Xiaoqiang~Zheng},
  year={2015},
}

@misc{openai-gym,
  Author = {Greg Brockman and Vicki Cheung and Ludwig Pettersson and Jonas Schneider and John Schulman and Jie Tang and Wojciech Zaremba},
  Title = {OpenAI Gym},
  Year = {2016},
  Eprint = {arXiv:1606.01540},
}

@article{openai-retro-contest,
   author = {{Nichol}, A. and {Pfau}, V. and {Hesse}, C. and {Klimov}, O. and 
	{Schulman}, J.},
    title = "{Gotta Learn Fast: A New Benchmark for Generalization in RL}",
  journal = {ArXiv e-prints},
archivePrefix = "arXiv",
   eprint = {1804.03720},
 primaryClass = "cs.LG",
 keywords = {Computer Science - Learning, Statistics - Machine Learning},
     year = 2018,
    month = apr,
   adsurl = {http://adsabs.harvard.edu/abs/2018arXiv180403720N},
  adsnote = {Provided by the SAO/NASA Astrophysics Data System},
  howpublished={\url{https://contest.openai.com/}},
}

@misc{tho,
  author = {Thomas Ho},
  year = 2018,
  howpublished={\url{https://medium.com/@htmbx6/build-and-train-neural-network-with-tensorflow-c-f13f22d3c5b6}},
}

@misc{tfplusplus,
  author = {Thomas Ho},
  year = 2018,
  howpublished={\url{https://github.com/tho15/tfplusplus/}},
}

@misc{shulga-medium,
  author = {Dima Shulga},
  year = 2018,
  howpublished={\url{https://towardsdatascience.com/how-attractive-are-you-in-the-eyes-of-deep-neural-network-3d71c0755ccc}},
}  

@article{scut5500,
  author    = {Lingyu Liang and
               Luojun Lin and
               Lianwen Jin and
               Duorui Xie and
               Mengru Li},
  title     = {{SCUT-FBP5500:} {A} Diverse Benchmark Dataset for Multi-Paradigm Facial
               Beauty Prediction},
  journal   = {CoRR},
  volume    = {abs/1801.06345},
  year      = {2018},
  url       = {http://arxiv.org/abs/1801.06345},
  archivePrefix = {arXiv},
  eprint    = {1801.06345},
  timestamp = {Fri, 02 Feb 2018 14:20:25 +0100},
  biburl    = {https://dblp.org/rec/bib/journals/corr/abs-1801-06345},
  bibsource = {dblp computer science bibliography, https://dblp.org}
}

@misc{medium,
  title={Medium},
  year=2012,
  key={Medium},
  howpublished={\url{https://medium.com/}},
}

@article{resnet50,
  author    = {Kaiming He and
               Xiangyu Zhang and
               Shaoqing Ren and
               Jian Sun},
  title     = {Deep Residual Learning for Image Recognition},
  journal   = {CoRR},
  volume    = {abs/1512.03385},
  year      = {2015},
  url       = {http://arxiv.org/abs/1512.03385},
  archivePrefix = {arXiv},
  eprint    = {1512.03385},
  timestamp = {Wed, 07 Jun 2017 14:41:17 +0200},
  biburl    = {https://dblp.org/rec/bib/journals/corr/HeZRS15},
  bibsource = {dblp computer science bibliography, https://dblp.org}
}

@article{mobilenet,
  author    = {Andrew G. Howard and
               Menglong Zhu and
               Bo Chen and
               Dmitry Kalenichenko and
               Weijun Wang and
               Tobias Weyand and
               Marco Andreetto and
               Hartwig Adam},
  title     = {MobileNets: Efficient Convolutional Neural Networks for Mobile Vision
               Applications},
  journal   = {CoRR},
  volume    = {abs/1704.04861},
  year      = {2017},
  url       = {http://arxiv.org/abs/1704.04861},
  archivePrefix = {arXiv},
  eprint    = {1704.04861},
  timestamp = {Wed, 07 Jun 2017 14:40:11 +0200},
  biburl    = {https://dblp.org/rec/bib/journals/corr/HowardZCKWWAA17},
  bibsource = {dblp computer science bibliography, https://dblp.org}
}

@misc{opencv,
  title={Open Source Computer Vision Library},
  author={Itseez},
  year={2015},
  howpublished = {\url{https://github.com/itseez/opencv}}
}
